@article{allard12,
	adsnote = {Provided by the SAO/NASA Astrophysics Data System},
	adsurl = {http://adsabs.harvard.edu/abs/2012RSPTA.370.2765A},
	archiveprefix = {arXiv},
	author = {{Allard}, F. and {Homeier}, D. and {Freytag}, B.},
	doi = {10.1098/rsta.2011.0269},
	eprint = {1112.3591},
	journal = {Royal Society of London Philosophical Transactions Series A},
	month = jun,
	pages = {2765--2777},
	primaryclass = {astro-ph.SR},
	title = {{Models of very-low-mass stars, brown dwarfs and exoplanets}},
	volume = 370,
	year = 2012
}

@article{cardelli89,
	adsnote = {Provided by the SAO/NASA Astrophysics Data System},
	adsurl = {http://adsabs.harvard.edu/abs/1989ApJ...345..245C},
	author = {{Cardelli}, J.~A. and {Clayton}, G.~C. and {Mathis}, J.~S.},
	doi = {10.1086/167900},
	journal = {\apj},
	keywords = {Infrared Spectra; Interstellar Extinction; Ultraviolet Spectra; Visible Spectrum; Computational Astrophysics; Interstellar Matter; Iue},
	month = oct,
	pages = {245--256},
	title = {{The relationship between infrared, optical, and ultraviolet extinction}},
	volume = 345,
	year = 1989
}

@article{castelli04,
	adsnote = {Provided by the SAO/NASA Astrophysics Data System},
	adsurl = {http://adsabs.harvard.edu/abs/2004astro.ph..5087C},
	author = {{Castelli}, F. and {Kurucz}, R.~L.},
	eprint = {astro-ph/0405087},
	journal = {ArXiv Astrophysics e-prints},
	keywords = {Astrophysics},
	month = may,
	title = {{New Grids of ATLAS9 Model Atmospheres}},
	year = 2004
}

@book{gray08,
	adsnote = {Provided by the SAO/NASA Astrophysics Data System},
	adsurl = {http://adsabs.harvard.edu/abs/2008oasp.book.....G},
	author = {{Gray}, D.~F.},
	booktitle = {{The Observation and Analysis of Stellar Photospheres, by David F.~Gray, Cambridge, UK: Cambridge University Press, 2008}},
	month = jun,
	title = {{The Observation and Analysis of Stellar Photospheres}},
	year = 2008
}

@article{hauschildt99,
	adsnote = {Provided by the SAO/NASA Astrophysics Data System},
	adsurl = {http://adsabs.harvard.edu/abs/1999ApJ...512..377H},
	author = {{Hauschildt}, P.~H. and {Allard}, F. and {Baron}, E.},
	doi = {10.1086/306745},
	eprint = {astro-ph/9807286},
	journal = {\apj},
	keywords = {RADIATIVE TRANSFER; STARS: ATMOSPHERES; STARS: LATE-TYPE; Radiative Transfer; Stars: Atmospheres; Stars: Late-Type},
	month = feb,
	pages = {377--385},
	title = {{The NextGen Model Atmosphere Grid for 3000{\lt}=T$_{eff}${\lt}=10,000 K}},
	volume = 512,
	year = 1999
}

@book{husser12,
	author = {Husser, Tim-Oliver},
	publisher = {Universit\"{a}tsverlag G\"{o}ttingen},
	title = {{3D-Spectroscopy of Dense Stellar Populations}},
	year = {2012}
}

@article{husser13,
	adsnote = {Provided by the SAO/NASA Astrophysics Data System},
	adsurl = {http://adsabs.harvard.edu/abs/2013A\%26A...553A...6H},
	archiveprefix = {arXiv},
	author = {{Husser}, T.-O. and {Wende-von Berg}, S. and {Dreizler}, S. and {Homeier}, D. and {Reiners}, A. and {Barman}, T. and {Hauschildt}, P.~H.},
	doi = {10.1051/0004-6361/201219058},
	eid = {A6},
	eprint = {1303.5632},
	journal = {\aap},
	keywords = {stars: atmospheres; convection; stars: late-type},
	month = may,
	pages = {A6},
	primaryclass = {astro-ph.SR},
	title = {{A new extensive library of PHOENIX stellar atmospheres and synthetic spectra}},
	volume = 553,
	year = 2013
}

@article{koleva09,
	adsnote = {Provided by the SAO/NASA Astrophysics Data System},
	adsurl = {http://adsabs.harvard.edu/abs/2009A\%26A...501.1269K},
	archiveprefix = {arXiv},
	author = {{Koleva}, M. and {Prugniel}, P. and {Bouchard}, A. and {Wu}, Y.},
	doi = {10.1051/0004-6361/200811467},
	eprint = {0903.2979},
	journal = {\aap},
	keywords = {techniques: spectroscopic; methods: data analysis; galaxies: stellar content; stars: fundamental parameters},
	month = jul,
	pages = {1269--1279},
	primaryclass = {astro-ph.IM},
	title = {{ULySS: a full spectrum fitting package}},
	volume = 501,
	year = 2009
}

@book{kurucz93,
	adsnote = {Provided by the SAO/NASA Astrophysics Data System},
	adsurl = {http://adsabs.harvard.edu/abs/1993sssp.book.....K},
	author = {{Kurucz}, R.~L.},
	booktitle = {{Kurucz CD-ROM, Cambridge, MA: Smithsonian Astrophysical Observatory, |c1993, December 4, 1993}},
	title = {{SYNTHE spectrum synthesis programs and line data}},
	year = 1993
}

@article{pickles98,
	adsnote = {Provided by the SAO/NASA Astrophysics Data System},
	adsurl = {http://adsabs.harvard.edu/abs/1998PASP..110..863P},
	author = {{Pickles}, A.~J.},
	doi = {10.1086/316197},
	journal = {\pasp},
	keywords = {ATLASES; STARS: GENERAL; GALAXIES: STELLAR CONTENT},
	month = jul,
	pages = {863--878},
	title = {{A Stellar Spectral Flux Library: 1150-25000 {\AA}}},
	volume = 110,
	year = 1998
}

@book{rasmussen05,
	author = {Rasmussen, Carl Edward and Williams, Christopher K. I.},
	isbn = {026218253X},
	publisher = {The MIT Press},
	title = {{Gaussian Processes for Machine Learning (Adaptive Computation and Machine Learning)}},
	year = {2005}
}

@article{rayner09,
	adsnote = {Provided by the SAO/NASA Astrophysics Data System},
	adsurl = {http://adsabs.harvard.edu/abs/2009ApJS..185..289R},
	archiveprefix = {arXiv},
	author = {{Rayner}, J.~T. and {Cushing}, M.~C. and {Vacca}, W.~D.},
	doi = {10.1088/0067-0049/185/2/289},
	eprint = {0909.0818},
	journal = {\apjs},
	keywords = {atlases; infrared: stars; stars: AGB and post-AGB; stars: carbon; stars: fundamental parameters; stars: late-type; techniques: spectroscopic},
	month = dec,
	pages = {289--432},
	primaryclass = {astro-ph.SR},
	title = {{The Infrared Telescope Facility (IRTF) Spectral Library: Cool Stars}},
	volume = 185,
	year = 2009
}

@article{tonry79,
	adsnote = {Provided by the SAO/NASA Astrophysics Data System},
	adsurl = {http://adsabs.harvard.edu/abs/1979AJ.....84.1511T},
	author = {{Tonry}, J. and {Davis}, M.},
	doi = {10.1086/112569},
	journal = {\aj},
	keywords = {Astronomical Spectroscopy; Data Reduction; Galaxies; Red Shift; Cross Correlation; Error Analysis; Microwave Spectra; Signal To Noise Ratios; Spiral Galaxies; Telescopes},
	month = oct,
	pages = {1511--1525},
	title = {{A survey of galaxy redshifts. I - Data reduction techniques}},
	volume = 84,
	year = 1979
}

@article{hogg10,
	adsnote = {Provided by the SAO/NASA Astrophysics Data System},
	adsurl = {http://adsabs.harvard.edu/abs/2010arXiv1008.4686H},
	archiveprefix = {arXiv},
	author = {{Hogg}, D.~W. and {Bovy}, J. and {Lang}, D.},
	eprint = {1008.4686},
	journal = {ArXiv e-prints},
	keywords = {Astrophysics - Instrumentation and Methods for Astrophysics; Physics - Data Analysis; Statistics and Probability},
	month = aug,
	primaryclass = {astro-ph.IM},
	title = {{Data analysis recipes: Fitting a model to data}},
	year = 2010
}

@book{sivia06,
	author = {Sivia, Devinderjit and Skilling, John},
	publisher = {Oxford University Press, USA},
	title = {{Data analysis: a Bayesian tutorial}},
	year = {2006}
}

@book{kruschke10,
	author = {Kruschke, John},
	publisher = {Academic Press},
	title = {{Doing Bayesian Data Analysis: A Tutorial Introduction with R}},
	year = {2010}
}

@article{kelly07,
	adsnote = {Provided by the SAO/NASA Astrophysics Data System},
	adsurl = {http://adsabs.harvard.edu/abs/2007ApJ...665.1489K},
	archiveprefix = {arXiv},
	author = {{Kelly}, B.~C.},
	doi = {10.1086/519947},
	eprint = {0705.2774},
	journal = {\apj},
	keywords = {Methods: Data Analysis; Methods: Numerical; Methods: Statistical},
	month = aug,
	pages = {1489--1506},
	title = {{Some Aspects of Measurement Error in Linear Regression of Astronomical Data}},
	volume = 665,
	year = 2007
}

@book{gelman13,
	author = {Gelman, A. and Carlin, J.B. and Stern, H.S. and Dunson, D.B. and Vehtari, A. and Rubin, D.B.},
	isbn = {9781439840955},
	lccn = {2013039507},
	publisher = {Taylor \& Francis},
	series = {{Chapman \& Hall/CRC Texts in Statistical Science}},
	title = {{Bayesian Data Analysis, Third Edition}},
	url = {http://books.google.com/books?id=ZXL6AQAAQBAJ},
	year = {2013}
}

@article{foreman-mackey12,
	adsnote = {Provided by the SAO/NASA Astrophysics Data System},
	adsurl = {http://adsabs.harvard.edu/abs/2012arXiv1202.3665F},
	archiveprefix = {arXiv},
	author = {{Foreman-Mackey}, D. and {Hogg}, D.~W. and {Lang}, D. and {Goodman}, J.},
	eprint = {1202.3665},
	journal = {ArXiv e-prints},
	keywords = {Astrophysics - Instrumentation and Methods for Astrophysics; Physics - Computational Physics; Statistics - Computation},
	month = feb,
	primaryclass = {astro-ph.IM},
	title = {{emcee: The MCMC Hammer}},
	year = 2012
}

@book{press07,
	author = {Press, William H. and Teukolsky, Saul A. and Vetterling, William T. and Flannery, Brian P.},
	edition = {Third},
	publisher = {Cambridge University Press},
	title = {{Numerical Recipes: The Art of Scientific Computing}},
	year = {2007}
}

@article{goodman10,
	author = {Goodman, Jonathan and Weare, Jonathan},
	journal = {Communications in Applied Mathematics and Computational Science},
	number = {1},
	pages = {65--80},
	title = {{Ensemble samplers with affine invariance}},
	volume = {5},
	year = {2010}
}

@article{astropy13,
	adsnote = {Provided by the SAO/NASA Astrophysics Data System},
	adsurl = {http://adsabs.harvard.edu/abs/2013A\%26A...558A..33A},
	author = {{Astropy Collaboration}, and {Robitaille}, T.~P. and {Tollerud}, E.~J. and {Greenfield}, P. and {Droettboom}, M. and {Bray}, E. and {Aldcroft}, T. and {Davis}, M. and {Ginsburg}, A. and {Price-Whelan}, A.~M. and {Kerzendorf}, W.~E. and {Conley}, A. and {Crighton}, N. and {Barbary}, K. and {Muna}, D. and {Ferguson}, H. and {Grollier}, F. and {Parikh}, M.~M. and {Nair}, P.~H. and {Unther}, H.~M. and {Deil}, C. and {Woillez}, J. and {Conseil}, S. and {Kramer}, R. and {Turner}, J.~E.~H. and {Singer}, L. and {Fox}, R. and {Weaver}, B.~A. and {Zabalza}, V. and {Edwards}, Z.~I. and {Azalee Bostroem}, K. and {Burke}, D.~J. and {Casey}, A.~R. and {Crawford}, S.~M. and {Dencheva}, N. and {Ely}, J. and {Jenness}, T. and {Labrie}, K. and {Lian Lim}, P. and {Pierfederici}, F. and {Pontzen}, A. and {Ptak}, A. and {Refsdal}, B. and {Servillat}, M. and {Streicher}, O.},
	doi = {10.1051/0004-6361/201322068},
	eid = {A33},
	journal = {\aap},
	keywords = {methods: data analysis; methods: miscellaneous; virtual observatory tools},
	month = oct,
	pages = {A33},
	title = {{Astropy: A community Python package for astronomy}},
	volume = 558,
	year = 2013
}

@article{baraffe02,
	adsnote = {Provided by the SAO/NASA Astrophysics Data System},
	adsurl = {http://adsabs.harvard.edu/abs/2002A\%26A...382..563B},
	author = {{Baraffe}, I. and {Chabrier}, G. and {Allard}, F. and {Hauschildt}, P.~H.},
	doi = {10.1051/0004-6361:20011638},
	eprint = {arXiv:astro-ph/0111385},
	journal = {\aap},
	keywords = {STARS: LOW-MASS; BROWN DWARFS; STARS: EVOLUTION; STARS: PRE-MAIN SEQUENCE},
	month = feb,
	pages = {563--572},
	title = {{Evolutionary models for low-mass stars and brown dwarfs: Uncertainties and limits at very young ages}},
	volume = 382,
	year = 2002
}

@article{baraffe98,
	adsnote = {Provided by the SAO/NASA Astrophysics Data System},
	adsurl = {http://adsabs.harvard.edu/abs/1998A\%26A...337..403B},
	author = {{Baraffe}, I. and {Chabrier}, G. and {Allard}, F. and {Hauschildt}, P.~H.},
	eprint = {arXiv:astro-ph/9805009},
	journal = {\aap},
	keywords = {STARS: LOW-MASS; BROWN DWARFS; STARS: EVOLUTION; STARS: HERTZSPRUNG-RUSSEL (HR) AND C-M DIAGRAMS; STARS: INTERIORS; STARS: ATMOSPHERES},
	month = sep,
	pages = {403--412},
	title = {{Evolutionary models for solar metallicity low-mass stars: mass-magnitude relationships and color-magnitude diagrams}},
	volume = 337,
	year = 1998
}

@article{bastian10,
	adsnote = {Provided by the SAO/NASA Astrophysics Data System},
	adsurl = {http://adsabs.harvard.edu/abs/2010ARA\%26A..48..339B},
	archiveprefix = {arXiv},
	author = {{Bastian}, N. and {Covey}, K.~R. and {Meyer}, M.~R.},
	doi = {10.1146/annurev-astro-082708-101642},
	eprint = {1001.2965},
	journal = {\araa},
	month = sep,
	pages = {339--389},
	primaryclass = {astro-ph.GA},
	title = {{A Universal Stellar Initial Mass Function? A Critical Look at Variations}},
	volume = 48,
	year = 2010
}

@article{buchhave12,
	adsnote = {Provided by the SAO/NASA Astrophysics Data System},
	adsurl = {http://adsabs.harvard.edu/abs/2012Natur.486..375B},
	author = {{Buchhave}, L.~A. and {Latham}, D.~W. and {Johansen}, A. and {Bizzarro}, M. and {Torres}, G. and {Rowe}, J.~F. and {Batalha}, N.~M. and {Borucki}, W.~J. and {Brugamyer}, E. and {Caldwell}, C. and {Bryson}, S.~T. and {Ciardi}, D.~R. and {Cochran}, W.~D. and {Endl}, M. and {Esquerdo}, G.~A. and {Ford}, E.~B. and {Geary}, J.~C. and {Gilliland}, R.~L. and {Hansen}, T. and {Isaacson}, H. and {Laird}, J.~B. and {Lucas}, P.~W. and {Marcy}, G.~W. and {Morse}, J.~A. and {Robertson}, P. and {Shporer}, A. and {Stefanik}, R.~P. and {Still}, M. and {Quinn}, S.~N.},
	doi = {10.1038/nature11121},
	journal = {\nat},
	month = jun,
	pages = {375--377},
	title = {{An abundance of small exoplanets around stars with a wide range of metallicities}},
	volume = 486,
	year = 2012
}

@article{coelho05,
	adsnote = {Provided by the SAO/NASA Astrophysics Data System},
	adsurl = {http://adsabs.harvard.edu/abs/2005A\%26A...443..735C},
	author = {{Coelho}, P. and {Barbuy}, B. and {Mel\'{e}ndez}, J. and {Schiavon}, R.~P. and {Castilho}, B.~V.},
	doi = {10.1051/0004-6361:20053511},
	eprint = {astro-ph/0505511},
	journal = {\aap},
	keywords = {stars: atmospheres},
	month = nov,
	pages = {735--746},
	title = {{A library of high resolution synthetic stellar spectra from 300 nm to 1.8 {$\mu$}m with solar and {$\alpha$}-enhanced composition}},
	volume = 443,
	year = 2005
}

@article{chabrier97,
	adsnote = {Provided by the SAO/NASA Astrophysics Data System},
	adsurl = {http://adsabs.harvard.edu/abs/1997A\%26A...327.1039C},
	author = {{Chabrier}, G. and {Baraffe}, I.},
	eprint = {arXiv:astro-ph/9704118},
	journal = {\aap},
	keywords = {STARS: LOW MASS; BROWN DWARFS; STARS: ABUNDANCES},
	month = nov,
	pages = {1039--1053},
	title = {{Structure and evolution of low-mass stars}},
	volume = 327,
	year = 1997
}

@article{dantona97,
	adsnote = {Provided by the SAO/NASA Astrophysics Data System},
	adsurl = {http://adsabs.harvard.edu/abs/1997MmSAI..68..807D},
	author = {{D'Antona}, F. and {Mazzitelli}, I.},
	journal = {\memsai},
	pages = {807},
	title = {{Evolution of low mass stars}},
	volume = 68,
	year = 1997
}

@article{cohen79,
	adsnote = {Provided by the SAO/NASA Astrophysics Data System},
	adsurl = {http://adsabs.harvard.edu/abs/1979ApJS...41..743C},
	author = {{Cohen}, M. and {Kuhi}, L.~V.},
	doi = {10.1086/190641},
	journal = {\apjs},
	keywords = {MAIN SEQUENCE STARS; STELLAR EVOLUTION; STELLAR SPECTRA; STELLAR SPECTROPHOTOMETRY; ASTRONOMICAL CATALOGS; BINARY STARS; EMISSION SPECTRA; HERTZSPRUNG-RUSSELL DIAGRAM; INFRARED ASTRONOMY; LINE SPECTRA; OPTICAL SCANNERS; STELLAR LUMINOSITY; STELLAR TEMPERATURE},
	month = dec,
	pages = {743--843},
	title = {{Observational studies of pre-main-sequence evolution}},
	volume = 41,
	year = 1979
}

@article{dantona00,
	adsnote = {Provided by the SAO/NASA Astrophysics Data System},
	adsurl = {http://adsabs.harvard.edu/abs/2000ApJ...543L..77D},
	author = {{D'Antona}, F. and {Ventura}, P. and {Mazzitelli}, I.},
	doi = {10.1086/318172},
	journal = {\apjl},
	keywords = {Stars: Fundamental Parameters; Stars: Interiors; Stars: Magnetic Fields; Stars: Pre-Main-Sequence},
	month = nov,
	pages = {L77--L80},
	title = {{First Results on Pre-Main-Sequence Evolution, Including a Magnetic Field}},
	volume = 543,
	year = 2000
}

@article{decin04,
	adsnote = {Provided by the SAO/NASA Astrophysics Data System},
	adsurl = {http://adsabs.harvard.edu/abs/2004A\%26A...421..281D},
	author = {{Decin}, L. and {Shkedy}, Z. and {Molenberghs}, G. and {Aerts}, M. and {Aerts}, C.},
	doi = {10.1051/0004-6361:20040127},
	journal = {\aap},
	keywords = {methods: data analysis; methods: statistical; techniques: spectroscopic; stars: fundamental parameters; stars: individual: Alpha Boo},
	month = jul,
	pages = {281--294},
	title = {{Estimating stellar parameters from spectra. I. Goodness-of-fit parameters and lack-of-fit test}},
	volume = 421,
	year = 2004
}

@article{doppman03,
	adsnote = {Provided by the SAO/NASA Astrophysics Data System},
	adsurl = {http://adsabs.harvard.edu/abs/2003AJ....126.3030D},
	author = {{Doppmann}, G.~W. and {Jaffe}, D.~T.},
	doi = {10.1086/379292},
	eprint = {astro-ph/0308521},
	journal = {\aj},
	keywords = {Infrared Radiation; Methods: Analytical; Stars: Fundamental Parameters; Techniques: Spectroscopic},
	month = dec,
	pages = {3030--3042},
	title = {{A Spectroscopic Technique for Measuring Stellar Properties of Pre-Main-Sequence Stars}},
	volume = 126,
	year = 2003
}

@article{eisenstein06,
	adsnote = {Provided by the SAO/NASA Astrophysics Data System},
	adsurl = {http://adsabs.harvard.edu/abs/2006ApJS..167...40E},
	author = {{Eisenstein}, D.~J. and {Liebert}, J. and {Harris}, H.~C. and {Kleinman}, S.~J. and {Nitta}, A. and {Silvestri}, N. and {Anderson}, S.~A. and {Barentine}, J.~C. and {Brewington}, H.~J. and {Brinkmann}, J. and {Harvanek}, M. and {Krzesi\'{n}ski}, J. and {Neilsen}, Jr. E.~H. and {Long}, D. and {Schneider}, D.~P. and {Snedden}, S.~A.},
	doi = {10.1086/507110},
	eprint = {arXiv:astro-ph/0606700},
	journal = {\apjs},
	keywords = {Catalogs; Stars: Subdwarfs; Stars: White Dwarfs},
	month = nov,
	pages = {40--58},
	title = {{A Catalog of Spectroscopically Confirmed White Dwarfs from the Sloan Digital Sky Survey Data Release 4}},
	volume = 167,
	year = 2006
}

@article{grankin07,
	adsnote = {Provided by the SAO/NASA Astrophysics Data System},
	adsurl = {http://adsabs.harvard.edu/abs/2007A\%26A...461..183G},
	author = {{Grankin}, K.~N. and {Melnikov}, S.~Y. and {Bouvier}, J. and {Herbst}, W. and {Shevchenko}, V.~S.},
	doi = {10.1051/0004-6361:20065489},
	eprint = {arXiv:astro-ph/0611028},
	journal = {\aap},
	keywords = {stars: activity; stars: pre-main-sequence; stars: variables: general},
	month = jan,
	pages = {183--195},
	title = {{Results of the ROTOR-program. I. The long-term photometric variability of classical T Tauri stars}},
	volume = 461,
	year = 2007
}

@article{hartmann98,
	adsnote = {Provided by the SAO/NASA Astrophysics Data System},
	adsurl = {http://adsabs.harvard.edu/abs/1998ApJ...495..385H},
	author = {{Hartmann}, L. and {Calvet}, N. and {Gullbring}, E. and {D'Alessio}, P.},
	doi = {10.1086/305277},
	journal = {\apj},
	keywords = {ACCRETION; ACCRETION DISKS; STARS: CIRCUMSTELLAR MATTER; STARS: FORMATION; STARS: PRE-MAIN-SEQUENCE},
	month = mar,
	pages = {385},
	title = {{Accretion and the Evolution of T Tauri Disks}},
	volume = 495,
	year = 1998
}

@article{hauschildtb99,
	adsnote = {Provided by the SAO/NASA Astrophysics Data System},
	adsurl = {http://adsabs.harvard.edu/abs/1999ApJ...525..871H},
	author = {{Hauschildt}, P.~H. and {Allard}, F. and {Ferguson}, J. and {Baron}, E. and {Alexander}, D.~R.},
	doi = {10.1086/307954},
	eprint = {arXiv:astro-ph/9907194},
	journal = {\apj},
	keywords = {RADIATIVE TRANSFER; STARS: ATMOSPHERES; STARS: LATE-TYPE},
	month = nov,
	pages = {871--880},
	title = {{The NEXTGEN Model Atmosphere Grid. II. Spherically Symmetric Model Atmospheres for Giant Stars with Effective Temperatures between 3000 and 6800 K}},
	volume = 525,
	year = 1999
}

@article{herbst94,
	adsnote = {Provided by the SAO/NASA Astrophysics Data System},
	adsurl = {http://adsabs.harvard.edu/abs/1994AJ....108.1906H},
	author = {{Herbst}, W. and {Herbst}, D.~K. and {Grossman}, E.~J. and {Weinstein}, D.},
	doi = {10.1086/117204},
	journal = {\aj},
	keywords = {ASTRONOMICAL CATALOGS; PERIODIC VARIATIONS; STELLAR SPECTRA; STELLAR SPECTROPHOTOMETRY; T TAURI STARS; VARIABILITY; X RAY ASTRONOMY; X RAY SPECTRA; COSMIC DUST; H ALPHA LINE; STELLAR ATMOSPHERES; STELLAR FLARES; STELLAR LUMINOSITY; STELLAR MASS ACCRETION},
	month = nov,
	pages = {1906--1923},
	title = {{Catalogue of UBVRI photometry of T Tauri stars and analysis of the causes of their variability}},
	volume = 108,
	year = 1994
}

@article{lee08,
	adsnote = {Provided by the SAO/NASA Astrophysics Data System},
	adsurl = {http://adsabs.harvard.edu/abs/2008AJ....136.2022L},
	archiveprefix = {arXiv},
	author = {{Lee}, Y.~S. and {Beers}, T.~C. and {Sivarani}, T. and {Allende Prieto}, C. and {Koesterke}, L. and {Wilhelm}, R. and {Re Fiorentin}, P. and {Bailer-Jones}, C.~A.~L. and {Norris}, J.~E. and {Rockosi}, C.~M. and {Yanny}, B. and {Newberg}, H.~J. and {Covey}, K.~R. and {Zhang}, H.-T. and {Luo}, A.-L.},
	doi = {10.1088/0004-6256/136/5/2022},
	eprint = {0710.5645},
	journal = {\aj},
	keywords = {methods: data analysis; stars: abundances; stars: fundamental parameters; surveys; techniques: spectroscopic},
	month = nov,
	pages = {2022--2049},
	title = {{The SEGUE Stellar Parameter Pipeline. I. Description and Comparison of Individual Methods}},
	volume = 136,
	year = 2008
}

@article{ma13,
	adsnote = {Provided by the SAO/NASA Astrophysics Data System},
	adsurl = {http://adsabs.harvard.edu/abs/2013arXiv1309.3271M},
	archiveprefix = {arXiv},
	author = {{Ma}, Y.-Z. and {Berndsen}, A.},
	eprint = {1309.3271},
	journal = {ArXiv e-prints},
	keywords = {Astrophysics - Instrumentation and Methods for Astrophysics; Astrophysics - Cosmology and Extragalactic Astrophysics; Statistics - Applications; Statistics - Computation},
	month = sep,
	primaryclass = {astro-ph.IM},
	title = {{How to combine correlated data sets -- A Bayesian hyperparameter matrix method}},
	year = 2013
}

@article{mann13,
	adsnote = {Provided by the SAO/NASA Astrophysics Data System},
	adsurl = {http://adsabs.harvard.edu/abs/2013ApJ...779..188M},
	archiveprefix = {arXiv},
	author = {{Mann}, A.~W. and {Gaidos}, E. and {Ansdell}, M.},
	doi = {10.1088/0004-637X/779/2/188},
	eid = {188},
	eprint = {1311.0003},
	journal = {\apj},
	keywords = {astrobiology; planetary systems; stars: fundamental parameters; stars: late-type },
	month = dec,
	pages = {188},
	primaryclass = {astro-ph.EP},
	title = {{Spectro-thermometry of M Dwarfs and Their Candidate Planets: Too Hot, Too Cool, or Just Right?}},
	volume = 779,
	year = 2013
}

@article{martins07,
	adsnote = {Provided by the SAO/NASA Astrophysics Data System},
	adsurl = {http://adsabs.harvard.edu/abs/2007MNRAS.381.1329M},
	archiveprefix = {arXiv},
	author = {{Martins}, L.~P. and {Coelho}, P.},
	doi = {10.1111/j.1365-2966.2007.11954.x},
	eprint = {0705.1994},
	journal = {\mnras},
	keywords = {stars: atmospheres; stars: evolution; stars: general},
	month = nov,
	pages = {1329--1346},
	title = {{Testing the accuracy of synthetic stellar libraries}},
	volume = 381,
	year = 2007
}

@article{paletou14,
	adsnote = {Provided by the SAO/NASA Astrophysics Data System},
	adsurl = {http://adsabs.harvard.edu/abs/2014arXiv1401.1083P},
	archiveprefix = {arXiv},
	author = {{Paletou}, F. and {Trouilhet}, J.-F. and {Boehm}, T.},
	eprint = {1401.1083},
	journal = {ArXiv e-prints},
	keywords = {Astrophysics - Instrumentation and Methods for Astrophysics; Astrophysics - Solar and Stellar Astrophysics},
	month = jan,
	primaryclass = {astro-ph.IM},
	title = {{PCA-based inversion of stellar fundamental parameters from high-resolution Echelle spectra}},
	year = 2014
}

@article{prugniel07,
	adsnote = {Provided by the SAO/NASA Astrophysics Data System},
	adsurl = {http://adsabs.harvard.edu/abs/2007yCat.3251....0P},
	author = {{Prugniel}, P. and {Soubiran}, C. and {Koleva}, M. and {Le Borgne}, D.},
	journal = {VizieR Online Data Catalog},
	keywords = {Spectrophotometry; Atlases; Spectroscopy; Populations: stellar},
	month = apr,
	pages = {0},
	title = {{ELODIE library V3.1 (Prugniel+ 2007)}},
	volume = 3251,
	year = 2007
}

@article{recio-blanco06,
	adsnote = {Provided by the SAO/NASA Astrophysics Data System},
	adsurl = {http://adsabs.harvard.edu/abs/2006MNRAS.370..141R},
	author = {{Recio-Blanco}, A. and {Bijaoui}, A. and {de Laverny}, P.},
	doi = {10.1111/j.1365-2966.2006.10455.x},
	eprint = {astro-ph/0604385},
	journal = {\mnras},
	keywords = {methods: data analysis: techniques: spectroscopic: stars: abundances: stars: fundamental parameters: Galaxy: stellar content; methods: data analysis; techniques: spectroscopic; stars: abundances; stars: fundamental parameters; Galaxy: stellar content},
	month = jul,
	pages = {141--150},
	title = {{Automated derivation of stellar atmospheric parameters and chemical abundances: the MATISSE algorithm}},
	volume = 370,
	year = 2006
}

@article{santos13,
	adsnote = {Provided by the SAO/NASA Astrophysics Data System},
	adsurl = {http://adsabs.harvard.edu/abs/2013A\%26A...556A.150S},
	archiveprefix = {arXiv},
	author = {{Santos}, N.~C. and {Sousa}, S.~G. and {Mortier}, A. and {Neves}, V. and {Adibekyan}, V. and {Tsantaki}, M. and {Delgado Mena}, E. and {Bonfils}, X. and {Israelian}, G. and {Mayor}, M. and {Udry}, S.},
	doi = {10.1051/0004-6361/201321286},
	eid = {A150},
	eprint = {1307.0354},
	journal = {\aap},
	keywords = {planetary systems; stars: solar-type; stars: abundances; catalogs},
	month = aug,
	pages = {A150},
	primaryclass = {astro-ph.SR},
	title = {{SWEET-Cat: A catalogue of parameters for Stars With ExoplanETs. I. New atmospheric parameters and masses for 48 stars with planets}},
	volume = 556,
	year = 2013
}

@article{sanchez10,
	adsnote = {Provided by the SAO/NASA Astrophysics Data System},
	adsurl = {http://adsabs.harvard.edu/abs/2010ApJ...714..487S},
	archiveprefix = {arXiv},
	author = {{S\'{a}nchez Almeida}, J. and {Aguerri}, J.~A.~L. and {Mu\~{n}oz-Tu\~{n}\'{o}n}, C. and {de Vicente}, A.},
	doi = {10.1088/0004-637X/714/1/487},
	eprint = {1003.3186},
	journal = {\apj},
	keywords = {catalogs; galaxies: evolution; galaxies: fundamental parameters; galaxies: statistics; methods: statistical},
	month = may,
	pages = {487--504},
	primaryclass = {astro-ph.CO},
	title = {{Automatic Unsupervised Classification of All Sloan Digital Sky Survey Data Release 7 Galaxy Spectra}},
	volume = 714,
	year = 2010
}

@article{schoenrich13,
	adsnote = {Provided by the SAO/NASA Astrophysics Data System},
	adsurl = {http://adsabs.harvard.edu/abs/2013arXiv1311.5558S},
	archiveprefix = {arXiv},
	author = {{Schoenrich}, R. and {Bergemann}, M.},
	eprint = {1311.5558},
	journal = {ArXiv e-prints},
	keywords = {Astrophysics - Solar and Stellar Astrophysics; Astrophysics - Instrumentation and Methods for Astrophysics},
	month = nov,
	primaryclass = {astro-ph.SR},
	title = {{Fundamental stellar parameters and metallicities from Bayesian spectroscopy. Application to low- and high-resolution spectra}},
	year = 2013
}

@article{serenelli13,
	adsnote = {Provided by the SAO/NASA Astrophysics Data System},
	adsurl = {http://adsabs.harvard.edu/abs/2013MNRAS.429.3645S},
	archiveprefix = {arXiv},
	author = {{Serenelli}, A.~M. and {Bergemann}, M. and {Ruchti}, G. and {Casagrande}, L.},
	doi = {10.1093/mnras/sts648},
	eprint = {1212.4497},
	journal = {\mnras},
	keywords = {stars: distances; stars: evolution; stars: fundamental parameters; stars: late-type; Galaxy: kinematics and dynamics},
	month = mar,
	pages = {3645--3657},
	primaryclass = {astro-ph.SR},
	title = {{Bayesian analysis of ages, masses and distances to cool stars with non-LTE spectroscopic parameters}},
	volume = 429,
	year = 2013
}

@article{shkedy07,
	adsnote = {Provided by the SAO/NASA Astrophysics Data System},
	adsurl = {http://adsabs.harvard.edu/abs/2007MNRAS.377..120S},
	author = {{Shkedy}, Z. and {Decin}, L. and {Molenberghs}, G. and {Aerts}, C.},
	doi = {10.1111/j.1365-2966.2007.11508.x},
	eprint = {arXiv:astro-ph/0701449},
	journal = {\mnras},
	keywords = {methods: data analysis; methods: statistical; techniques: spectroscopic; stars: fundamental parameters; stars: individual: Alpha Boo},
	month = may,
	pages = {120--132},
	title = {{Estimating stellar parameters from spectra using a hierarchical Bayesian approach}},
	volume = 377,
	year = 2007
}

@phdthesis{sneden73,
	adsnote = {Provided by the SAO/NASA Astrophysics Data System},
	adsurl = {http://adsabs.harvard.edu/abs/1973PhDT.......180S},
	author = {{Sneden}, C.~A.},
	school = {The University of Texas at Austin.},
	title = {{Carbon and Nitrogen Abundances in Metal-Poor Stars.}},
	year = 1973
}

@article{sordo11,
	adsnote = {Provided by the SAO/NASA Astrophysics Data System},
	adsurl = {http://adsabs.harvard.edu/abs/2011JPhCS.328a2006S},
	author = {{Sordo}, R. and {Vallenari}, A. and {Tantalo}, R. and {Liu}, C. and {Smith}, K. and {Allard}, F. and {Blomme}, R. and {Bouret}, J.-C. and {Brott}, I. and {de Laverny}, P. and {Edvardsson}, B. and {Fr\'{e}mat}, Y. and {Heber}, U. and {Josselin}, E. and {Kochukhov}, O. and {Korn}, A. and {Lanzafame}, A. and {Martayan}, C. and {Martins}, F. and {Plez}, B. and {Schweitzer}, A. and {Th\'{e}venin}, F. and {Zorec}, J.},
	doi = {10.1088/1742-6596/328/1/012006},
	eid = {012006},
	journal = {Journal of Physics Conference Series},
	month = dec,
	number = 1,
	pages = {012006},
	title = {{Stellar libraries for Gaia}},
	volume = 328,
	year = 2011
}

@book{stoof09,
	author = {Stoof, Henk TC and Gubbels, Koos B and Dickerscheid, Dennis BM},
	publisher = {Springer},
	title = {{Ultracold quantum fields}},
	year = {2009}
}

@article{torres12,
	adsnote = {Provided by the SAO/NASA Astrophysics Data System},
	adsurl = {http://adsabs.harvard.edu/abs/2012ApJ...757..161T},
	archiveprefix = {arXiv},
	author = {{Torres}, G. and {Fischer}, D.~A. and {Sozzetti}, A. and {Buchhave}, L.~A. and {Winn}, J.~N. and {Holman}, M.~J. and {Carter}, J.~A.},
	doi = {10.1088/0004-637X/757/2/161},
	eid = {161},
	eprint = {1208.1268},
	journal = {\apj},
	keywords = {planetary systems; stars: abundances; stars: fundamental parameters; techniques: spectroscopic},
	month = oct,
	pages = {161},
	primaryclass = {astro-ph.SR},
	title = {{Improved Spectroscopic Parameters for Transiting Planet Hosts}},
	volume = 757,
	year = 2012
}

@article{valenti96,
	adsnote = {Provided by the SAO/NASA Astrophysics Data System},
	adsurl = {http://adsabs.harvard.edu/abs/1996A\%26AS..118..595V},
	author = {{Valenti}, J.~A. and {Piskunov}, N.},
	journal = {\aaps},
	keywords = {RADIATIVE TRANSFER; METHODS: NUMERICAL; TECHNIQUES: SPECTROSCOPIC; STARS: FUNDAMENTAL PARAMETERS; SUN: FUNDAMENTAL PARAMETERS; ATOMIC DATA},
	month = sep,
	pages = {595--603},
	title = {{Spectroscopy made easy: A new tool for fitting observations with synthetic spectra.}},
	volume = 118,
	year = 1996
}

@article{wu11,
	adsnote = {Provided by the SAO/NASA Astrophysics Data System},
	adsurl = {http://adsabs.harvard.edu/abs/2011RAA....11..924W},
	archiveprefix = {arXiv},
	author = {{Wu}, Y. and {Luo}, A.-L. and {Li}, H.-N. and {Shi}, J.-R. and {Prugniel}, P. and {Liang}, Y.-C. and {Zhao}, Y.-H. and {Zhang}, J.-N. and {Bai}, Z.-R. and {Wei}, P. and {Dong}, W.-X. and {Zhang}, H.-T. and {Chen}, J.-J.},
	doi = {10.1088/1674-4527/11/8/006},
	eprint = {1105.2681},
	journal = {Research in Astronomy and Astrophysics},
	month = aug,
	pages = {924--946},
	primaryclass = {astro-ph.SR},
	title = {{Automatic determination of stellar atmospheric parameters and construction of stellar spectral templates of the Guoshoujing Telescope (LAMOST)}},
	volume = 11,
	year = 2011
}

@article{davis09,
	acmid = {1462176},
	address = {New York, NY, USA},
	articleno = {27},
	author = {Davis, Timothy A. and Hager, William W.},
	doi = {10.1145/1462173.1462176},
	issn = {0098-3500},
	issue_date = {February 2009},
	journal = {ACM Trans. Math. Softw.},
	keywords = {Cholesky factorization; linear equations; sparse matrices},
	month = feb,
	number = {4},
	numpages = {23},
	pages = {27:1--27:23},
	publisher = {ACM},
	title = {{Dynamic Supernodes in Sparse Cholesky Update/Downdate and Triangular Solves}},
	url = {http://doi.acm.org/10.1145/1462173.1462176},
	volume = {35},
	year = {2009}
}

@article{chen08,
	acmid = {1391995},
	address = {New York, NY, USA},
	articleno = {22},
	author = {Chen, Yanqing and Davis, Timothy A. and Hager, William W. and Rajamanickam, Sivasankaran},
	doi = {10.1145/1391989.1391995},
	issn = {0098-3500},
	issue_date = {October 2008},
	journal = {ACM Trans. Math. Softw.},
	keywords = {Cholesky factorization; linear equations; sparse matrices},
	month = oct,
	number = {3},
	numpages = {14},
	pages = {22:1--22:14},
	publisher = {ACM},
	title = {{Algorithm 887: CHOLMOD, Supernodal Sparse Cholesky Factorization and Update/Downdate}},
	url = {http://doi.acm.org/10.1145/1391989.1391995},
	volume = {35},
	year = {2008}
}

@article{kane14,
	adsnote = {Provided by the SAO/NASA Astrophysics Data System},
	adsurl = {http://adsabs.harvard.edu/abs/2014ApJ...782..111K},
	archiveprefix = {arXiv},
	author = {{Kane}, S.~R.},
	doi = {10.1088/0004-637X/782/2/111},
	eid = {111},
	eprint = {1401.3349},
	journal = {\apj},
	keywords = {astrobiology; planetary systems },
	month = feb,
	pages = {111},
	primaryclass = {astro-ph.EP},
	title = {{Habitable Zone Dependence on Stellar Parameter Uncertainties}},
	volume = 782,
	year = 2014
}

@article{foreman-mackey14,
	author = {Foreman-Mackey, Dan and Price-Whelan, Adrian and Ryan, Geoffrey and Rice, Emily and Smith, Michael and Barbary, Kyle and Hogg, David W. and Brewer, Brendon J.},
	doi = {10.5281/zenodo.10598},
	month = {Jun},
	title = {{A citable release}},
	url = {http://dx.doi.org/10.5281/zenodo.10598},
	year = {2014}
}

@inproceedings{mink11,
	adsnote = {Provided by the SAO/NASA Astrophysics Data System},
	adsurl = {http://adsabs.harvard.edu/abs/2011ASPC..442..305M},
	author = {{Mink}, D.~J.},
	booktitle = {{Astronomical Data Analysis Software and Systems XX}},
	editor = {{Evans}, I.~N. and {Accomazzi}, A. and {Mink}, D.~J. and {Rots}, A.~H.},
	month = jul,
	pages = {305},
	series = {{Astronomical Society of the Pacific Conference Series}},
	title = {{Data Pipelines for the TRES Echelle Spectrograph}},
	volume = 442,
	year = 2011
}

@article{rayner03,
	adsnote = {Provided by the SAO/NASA Astrophysics Data System},
	adsurl = {http://adsabs.harvard.edu/abs/2003PASP..115..362R},
	author = {{Rayner}, J.~T. and {Toomey}, D.~W. and {Onaka}, P.~M. and {Denault}, A.~J. and {Stahlberger}, W.~E. and {Vacca}, W.~D. and {Cushing}, M.~C. and {Wang}, S.},
	doi = {10.1086/367745},
	journal = {\pasp},
	keywords = {Stars: Hertzsprung-Russell Diagram; Instrumentation: Detectors; Instrumentation: Spectrographs; Stars: Low-Mass; Brown Dwarfs; Stars: Wolf-Rayet},
	month = mar,
	pages = {362--382},
	title = {{SpeX: A Medium-Resolution 0.8-5.5 Micron Spectrograph and Imager for the NASA Infrared Telescope Facility}},
	volume = 115,
	year = 2003
}

@article{rayner09,
	adsnote = {Provided by the SAO/NASA Astrophysics Data System},
	adsurl = {http://adsabs.harvard.edu/abs/2009ApJS..185..289R},
	archiveprefix = {arXiv},
	author = {{Rayner}, J.~T. and {Cushing}, M.~C. and {Vacca}, W.~D.},
	doi = {10.1088/0067-0049/185/2/289},
	eprint = {0909.0818},
	journal = {\apjs},
	keywords = {atlases; infrared: stars; stars: AGB and post-AGB; stars: carbon; stars: fundamental parameters; stars: late-type; techniques: spectroscopic},
	month = dec,
	pages = {289--432},
	primaryclass = {astro-ph.SR},
	title = {{The Infrared Telescope Facility (IRTF) Spectral Library: Cool Stars}},
	volume = 185,
	year = 2009
}

@article{cushing05,
	adsnote = {Provided by the SAO/NASA Astrophysics Data System},
	adsurl = {http://adsabs.harvard.edu/abs/2005ApJ...623.1115C},
	author = {{Cushing}, M.~C. and {Rayner}, J.~T. and {Vacca}, W.~D.},
	doi = {10.1086/428040},
	eprint = {astro-ph/0412313},
	journal = {\apj},
	keywords = {Infrared: Stars; Stars: Fundamental Parameters; Stars: Individual: Alphanumeric: 2MASS J2224381-0158521; Stars: Late-Type; Stars: Low-Mass; Brown Dwarfs},
	month = apr,
	pages = {1115--1140},
	title = {{An Infrared Spectroscopic Sequence of M, L, and T Dwarfs}},
	volume = 623,
	year = 2005
}

@article{rojas-ayala12,
	adsnote = {Provided by the SAO/NASA Astrophysics Data System},
	adsurl = {http://adsabs.harvard.edu/abs/2012ApJ...748...93R},
	archiveprefix = {arXiv},
	author = {{Rojas-Ayala}, B. and {Covey}, K.~R. and {Muirhead}, P.~S. and {Lloyd}, J.~P.},
	doi = {10.1088/0004-637X/748/2/93},
	eid = {93},
	eprint = {1112.4567},
	journal = {\apj},
	keywords = {stars: abundances; stars: fundamental parameters; stars: late-type},
	month = apr,
	pages = {93},
	primaryclass = {astro-ph.SR},
	title = {{Metallicity and Temperature Indicators in M Dwarf K-band Spectra: Testing New and Updated Calibrations with Observations of 133 Solar Neighborhood M Dwarfs}},
	volume = 748,
	year = 2012
}

@article{joshi09,
	adsnote = {Provided by the SAO/NASA Astrophysics Data System},
	adsurl = {http://adsabs.harvard.edu/abs/2009MNRAS.392.1532J},
	archiveprefix = {arXiv},
	author = {{Joshi}, Y.~C. and {Pollacco}, D. and {Collier Cameron}, A. and {Skillen}, I. and {Simpson}, E. and {Steele}, I. and {Street}, R.~A. and {Stempels}, H.~C. and {Christian}, D.~J. and {Hebb}, L. and {Bouchy}, F. and {Gibson}, N.~P. and {H\'{e}brard}, G. and {Keenan}, F.~P. and {Loeillet}, B. and {Meaburn}, J. and {Moutou}, C. and {Smalley}, B. and {Todd}, I. and {West}, R.~G. and {Anderson}, D.~R. and {Bentley}, S. and {Enoch}, B. and {Haswell}, C.~A. and {Hellier}, C. and {Horne}, K. and {Irwin}, J. and {Lister}, T.~A. and {McDonald}, I. and {Maxted}, P. and {Mayor}, M. and {Norton}, A.~J. and {Parley}, N. and {Perrier}, C. and {Pont}, F. and {Queloz}, D. and {Ryans}, R. and {Smith}, A.~M.~S. and {Udry}, S. and {Wheatley}, P.~J. and {Wilson}, D.~M.},
	doi = {10.1111/j.1365-2966.2008.14178.x},
	eprint = {0806.1478},
	journal = {\mnras},
	keywords = {techniques: photometric; techniques: radial velocities; stars: individual: GSC 01482-00882},
	month = feb,
	pages = {1532--1538},
	title = {{WASP-14b: 7.3 M$_{J}$ transiting planet in an eccentric orbit}},
	volume = 392,
	year = 2009
}

